@inproceedings{SMH07,
  title={Restricted Boltzmann machines for collaborative filtering},
  author={Salakhutdinov, Ruslan and Mnih, Andriy and Hinton, Geoffrey},
  booktitle={Proceedings of the 24th international conference on Machine learning},
  pages={791--798},
  year={2007},
  organization={ACM}
}

@inproceedings{WH04,
	title={Exponential family harmoniums with an application to information retrieval},
	author={Welling, Max and Rosen-Zvi, Michal and Hinton, Geoffrey E},
	booktitle={Advances in neural information processing systems},
	pages={1481--1488},
	year={2004}
}